<record><leader>00000cas a22000007a 4500</leader><controlfield tag="001">36975275</controlfield><controlfield tag="008">970528d19311953caucr ne      0    0eng d</controlfield><datafield ind1=" " ind2=" " tag="010"><subfield code="a">sn 97060518 </subfield></datafield><datafield ind1=" " ind2=" " tag="040"><subfield code="a">CNK</subfield><subfield code="b">eng</subfield><subfield code="c">CNK</subfield><subfield code="d">OCLCQ</subfield><subfield code="d">OCLCF</subfield><subfield code="d">OCLCO</subfield></datafield><datafield ind1="1" ind2=" " tag="029"><subfield code="a">AU@</subfield><subfield code="b">000013287350</subfield></datafield><datafield ind1=" " ind2=" " tag="042"><subfield code="a">msc</subfield></datafield><datafield ind1="0" ind2=" " tag="130"><subfield code="a">Torrance herald (Torrance, Calif. : 1931)</subfield></datafield><datafield ind1="0" ind2="0" tag="245"><subfield code="a">Torrance herald.</subfield></datafield><datafield ind1="1" ind2="3" tag="246"><subfield code="a">Torrance herald and the Lomita news</subfield><subfield code="f">Dec. 1936-Feb. 1940</subfield></datafield><datafield ind1=" " ind2=" " tag="260"><subfield code="a">Torrance, Calif. :</subfield><subfield code="b">Grover C. Whyte</subfield></datafield><datafield ind1=" " ind2=" " tag="300"><subfield code="a">v.</subfield></datafield><datafield ind1=" " ind2=" " tag="310"><subfield code="a">Semiweekly,</subfield><subfield code="b">Mar. 1952-Jan. 1953</subfield></datafield><datafield ind1=" " ind2=" " tag="321"><subfield code="a">Weekly,</subfield><subfield code="b">Dec. 1931-Feb. 1952</subfield></datafield><datafield ind1="0" ind2=" " tag="362"><subfield code="a">Vol. 17, no. 52 (Dec. 10, 1931)-v. 39, no. 4 (Jan. 11, 1953).</subfield></datafield><datafield ind1=" " ind2="0" tag="651"><subfield code="a">Torrance (Calif.)</subfield><subfield code="v">Newspapers.</subfield></datafield><datafield ind1=" " ind2="0" tag="651"><subfield code="a">Lomita (Calif.)</subfield><subfield code="v">Newspapers.</subfield></datafield><datafield ind1=" " ind2="7" tag="655"><subfield code="a">Newspapers.</subfield><subfield code="2">fast</subfield><subfield code="0">(OCoLC)fst01423814</subfield></datafield><datafield ind1=" " ind2="7" tag="651"><subfield code="a">California</subfield><subfield code="z">Lomita.</subfield><subfield code="2">fast</subfield><subfield code="0">(OCoLC)fst01224763</subfield></datafield><datafield ind1=" " ind2="7" tag="651"><subfield code="a">California</subfield><subfield code="z">Torrance.</subfield><subfield code="2">fast</subfield><subfield code="0">(OCoLC)fst01218725</subfield></datafield><datafield ind1=" " ind2=" " tag="752"><subfield code="a">United States</subfield><subfield code="b">California</subfield><subfield code="c">Los Angeles</subfield><subfield code="d">Torrance.</subfield></datafield><datafield ind1="0" ind2="0" tag="780"><subfield code="t">Torrance herald and Lomita news</subfield><subfield code="w">(DLC)sn 97060517</subfield></datafield><datafield ind1="0" ind2="0" tag="785"><subfield code="t">Torrance herald and Torrance herald shopper</subfield><subfield code="w">(DLC)sn 97060519</subfield></datafield></record>